@Article{Osterweil09,
  author   = {Eric Osterweil and Lixia Zhang},
  journal  = {Security Privacy, IEEE},
  title    = {Interadministrative Challenges in Managing DNSKEYs},
  year     = 2009,
  month    = {sept.-oct. },
  volume   = 7,
  number   = 5,
  pages    = {44 -51},
  keywords = {DNSKEY;cryptographic key management;domain name system security extension;
              Internet;cryptography;},
  doi      = {10.1109/MSP.2009.126},
  ISSN     = {1540-7993}
}

@Article{RFC4641,
  author   = {O. Kolkman and R. Gieben},
  journal  = {IETF RFC 461},
  title    = {DNSSEC Operational Practices},
  year     = 2006,
  month    = {sept.},
  note     = {http://www.ietf.org/rfc/rfc4641.txt}
}

@Misc{secspider,
  title  = {{SecSpider} -- Global {DNSSEC} deployment tracking},
  author = {Eroc Osterweil},
  note   = {http://secspider.cs.ucla.edu/},
  year   = 2012,
  month  = {dec.}
}

@Misc{root-dnssec,
  title  = {Information about DNSSEC for the Root Zone},
  author = {ICANN and VeriSign},
  note   = {http://www.root-dnssec.org/},
  year   = 2012,
  month  = {dec.}
}

@Article{switch10,
  title  = {{DNSSEC} Key Management Practice Statement},
  author = {SWITCH},
  note   = {https://www.nic.ch/reg/cm/wcm-page/dnssec/keys.html},
  year   = {2011},
  month  = {may}
}
